<record><leader>00000cas a2200000 a 4500</leader><controlfield tag="001">51532568</controlfield><controlfield tag="008">030128u19uuuuuuiluwr ne      0    0eng c</controlfield><datafield ind1=" " ind2=" " tag="010"><subfield code="a">sn2007059031</subfield><subfield code="z">sn2003060804</subfield></datafield><datafield ind1=" " ind2=" " tag="040"><subfield code="a">CVF</subfield><subfield code="b">eng</subfield><subfield code="c">CVF</subfield><subfield code="d">OCLCQ</subfield><subfield code="d">DLC</subfield><subfield code="d">OCLCQ</subfield><subfield code="d">OCLCO</subfield></datafield><datafield ind1="1" ind2=" " tag="029"><subfield code="a">AU@</subfield><subfield code="b">000024394224</subfield></datafield><datafield ind1=" " ind2=" " tag="042"><subfield code="a">pcc</subfield></datafield><datafield ind1=" " ind2=" " tag="043"><subfield code="a">n-us-il</subfield></datafield><datafield ind1="0" ind2=" " tag="130"><subfield code="a">Wheeling independent (Wheeling, Ill. : 1965)</subfield></datafield><datafield ind1="1" ind2="0" tag="245"><subfield code="a">Wheeling independent.</subfield></datafield><datafield ind1=" " ind2=" " tag="260"><subfield code="a">Wheeling, Ill. :</subfield><subfield code="b">Carl Krueger,</subfield><subfield code="c">19---</subfield></datafield><datafield ind1=" " ind2=" " tag="300"><subfield code="a">v.</subfield></datafield><datafield ind1=" " ind2=" " tag="310"><subfield code="a">Weekly (except July 4 and last week of Dec.)</subfield></datafield><datafield ind1=" " ind2=" " tag="588"><subfield code="a">Description based on: Vol. 10, no. 29 (Aug. 15, 1965).</subfield></datafield><datafield ind1=" " ind2="0" tag="651"><subfield code="a">Wheeling (Ill.)</subfield><subfield code="v">Newspapers.</subfield></datafield><datafield ind1=" " ind2="0" tag="651"><subfield code="a">Buffalo Grove (Ill.)</subfield><subfield code="v">Newspapers.</subfield></datafield><datafield ind1=" " ind2="0" tag="651"><subfield code="a">Half Day (Ill.)</subfield><subfield code="v">Newspapers.</subfield></datafield><datafield ind1=" " ind2="0" tag="651"><subfield code="a">Prospect Heights (Ill.)</subfield><subfield code="v">Newspapers.</subfield></datafield><datafield ind1=" " ind2=" " tag="752"><subfield code="a">United States</subfield><subfield code="b">Illinois</subfield><subfield code="c">Cook</subfield><subfield code="d">Wheeling.</subfield></datafield><datafield ind1=" " ind2=" " tag="936"><subfield code="a">(July 16, 1970)</subfield></datafield></record>